@inproceedings{schuldt2004recognizing,
	title={Recognizing human actions: a local SVM approach},
	author={Schuldt, Christian and Laptev, Ivan and Caputo, Barbara},
	booktitle={Pattern Recognition, 2004. ICPR 2004. Proceedings of the 17th International Conference on},
	volume={3},
	pages={32--36},
	year={2004},
	organization={IEEE}
}
@inproceedings{laptev2008learning,
  title={Learning realistic human actions from movies},
  author={Laptev, Ivan and Marszalek, Marcin and Schmid, Cordelia and Rozenfeld, Benjamin},
  booktitle={Computer Vision and Pattern Recognition, 2008. CVPR 2008. IEEE Conference on},
  pages={1--8},
  year={2008},
  organization={IEEE}
}
@inproceedings{wang2013action,
  title={Action recognition with improved trajectories},
  author={Wang, Heng and Schmid, Cordelia},
  booktitle={Proceedings of the IEEE International Conference on Computer Vision},
  pages={3551--3558},
  year={2013}
}
@inproceedings{cheron2015p,
	title={P-CNN: Pose-based CNN features for action recognition},
	author={Ch{\'e}ron, Guilhem and Laptev, Ivan and Schmid, Cordelia},
	booktitle={Proceedings of the IEEE International Conference on Computer Vision},
	pages={3218--3226},
	year={2015}
}
@inproceedings{krizhevsky2012imagenet,
	title={Imagenet classification with deep convolutional neural networks},
	author={Krizhevsky, Alex and Sutskever, Ilya and Hinton, Geoffrey E},
	booktitle={Advances in neural information processing systems},
	pages={1097--1105},
	year={2012}
}
@article{lecun1998gradient,
	title={Gradient-based learning applied to document recognition},
	author={LeCun, Yann and Bottou, L{\'e}on and Bengio, Yoshua and Haffner, Patrick},
	journal={Proceedings of the IEEE},
	volume={86},
	number={11},
	pages={2278--2324},
	year={1998},
	publisher={IEEE}
}
@article{chatfield2014return,
	title={Return of the devil in the details: Delving deep into convolutional nets},
	author={Chatfield, Ken and Simonyan, Karen and Vedaldi, Andrea and Zisserman, Andrew},
	journal={arXiv preprint arXiv:1405.3531},
	year={2014}
}
@article{he2015deep,
	title={Deep residual learning for image recognition},
	author={He, Kaiming and Zhang, Xiangyu and Ren, Shaoqing and Sun, Jian},
	journal={arXiv preprint arXiv:1512.03385},
	year={2015}
}
@inproceedings{wang2013action,
	title={Action recognition with improved trajectories},
	author={Wang, Heng and Schmid, Cordelia},
	booktitle={Proceedings of the IEEE International Conference on Computer Vision},
	pages={3551--3558},
	year={2013}
}
@inproceedings{perronnin2010improving,
	title={Improving the fisher kernel for large-scale image classification},
	author={Perronnin, Florent and S{\'a}nchez, Jorge and Mensink, Thomas},
	booktitle={European conference on computer vision},
	pages={143--156},
	year={2010},
	organization={Springer}
}
@inproceedings{simonyan2014two,
	title={Two-stream convolutional networks for action recognition in videos},
	author={Simonyan, Karen and Zisserman, Andrew},
	booktitle={Advances in Neural Information Processing Systems},
	pages={568--576},
	year={2014}
}
@inproceedings{yue2015beyond,
	title={Beyond short snippets: Deep networks for video classification},
	author={Yue-Hei Ng, Joe and Hausknecht, Matthew and Vijayanarasimhan, Sudheendra and Vinyals, Oriol and Monga, Rajat and Toderici, George},
	booktitle={Proceedings of the IEEE Conference on Computer Vision and Pattern Recognition},
	pages={4694--4702},
	year={2015}
}
@inproceedings{ni2014multiple,
	title={Multiple granularity analysis for fine-grained action detection},
	author={Ni, Bingbing and Paramathayalan, Vignesh R and Moulin, Pierre},
	booktitle={Proceedings of the IEEE Conference on Computer Vision and Pattern Recognition},
	pages={756--763},
	year={2014}
}
@inproceedings{zhou2015interaction,
	title={Interaction part mining: A mid-level approach for fine-grained action recognition},
	author={Zhou, Yang and Ni, Bingbing and Hong, Richang and Wang, Meng and Tian, Qi},
	booktitle={Proceedings of the IEEE Conference on Computer Vision and Pattern Recognition},
	pages={3323--3331},
	year={2015}
}
@inproceedings{jhuang2013towards,
	title={Towards understanding action recognition},
	author={Jhuang, Hueihan and Gall, Juergen and Zuffi, Silvia and Schmid, Cordelia and Black, Michael J},
	booktitle={Proceedings of the IEEE International Conference on Computer Vision},
	pages={3192--3199},
	year={2013}
}
@inproceedings{kuehne2011hmdb,
	title={HMDB: a large video database for human motion recognition},
	author={Kuehne, Hildegard and Jhuang, Hueihan and Garrote, Est{\'\i}baliz and Poggio, Tomaso and Serre, Thomas},
	booktitle={2011 International Conference on Computer Vision},
	pages={2556--2563},
	year={2011},
	organization={IEEE}
}
@inproceedings{brox2004high,
	title={High accuracy optical flow estimation based on a theory for warping},
	author={Brox, Thomas and Bruhn, Andr{\'e}s and Papenberg, Nils and Weickert, Joachim},
	booktitle={European conference on computer vision},
	pages={25--36},
	year={2004},
	organization={Springer}
}
@inproceedings{gkioxari2015finding,
	title={Finding action tubes},
	author={Gkioxari, Georgia and Malik, Jitendra},
	booktitle={Proceedings of the IEEE Conference on Computer Vision and Pattern Recognition},
	pages={759--768},
	year={2015}
}
@article{he2015deep,
	title={Deep residual learning for image recognition},
	author={He, Kaiming and Zhang, Xiangyu and Ren, Shaoqing and Sun, Jian},
	journal={arXiv preprint arXiv:1512.03385},
	year={2015}
}
@inproceedings{szegedy2015going,
	title={Going deeper with convolutions},
	author={Szegedy, Christian and Liu, Wei and Jia, Yangqing and Sermanet, Pierre and Reed, Scott and Anguelov, Dragomir and Erhan, Dumitru and Vanhoucke, Vincent and Rabinovich, Andrew},
	booktitle={Proceedings of the IEEE Conference on Computer Vision and Pattern Recognition},
	pages={1--9},
	year={2015}
}
@inproceedings{cherian2014mixing,
	title={Mixing body-part sequences for human pose estimation},
	author={Cherian, Anoop and Mairal, Julien and Alahari, Karteek and Schmid, Cordelia},
	booktitle={Proceedings of the IEEE Conference on Computer Vision and Pattern Recognition},
	pages={2353--2360},
	year={2014}
}